@incollection{abouheif2014eco,
  title={Eco-evo-devo: the time has come},
  author={Abouheif, Ehab and Fav{\'e}, Marie-Julie and Ibarrar{\'a}n-Viniegra, Ana Sofia and Lesoway, Maryna P and Rafiqi, Ab Matteen and Rajakumar, Rajendhran},
  booktitle={Ecological genomics},
  pages={107--125},
  year={2014},
  publisher={Springer}
}
